@article{Meyer:2015eta,
      author         = "Meyer, C. A. and Swanson, E. S.",
      title          = "{Hybrid Mesons}",
      journal        = "Prog. Part. Nucl. Phys.",
      volume         = "82",
      year           = "2015",
      pages          = "21-58",
      doi            = "10.1016/j.ppnp.2015.03.001",
      eprint         = "1502.07276",
      archivePrefix  = "arXiv",
      primaryClass   = "hep-ph",
      SLACcitation   = "%%CITATION = ARXIV:1502.07276;%%"
}


@article{Catterall:1992in,
      author         = "Catterall, S. M. and Devlin, F. R. and Drummond, I. T.
                        and Horgan, R. R. and Simpson, A. D.",
      title          = "{Nonrelativistic QCD for heavy quark systems}",
      collaboration  = "UKQCD",
      journal        = "Phys. Lett.",
      volume         = "B300",
      year           = "1993",
      pages          = "393-399",
      doi            = "10.1016/0370-2693(93)91352-N",
      eprint         = "hep-lat/9211033",
      archivePrefix  = "arXiv",
      primaryClass   = "hep-lat",
      reportNumber   = "DAMTP-92-70",
      SLACcitation   = "%%CITATION = HEP-LAT/9211033;%%"
}


@article{Manke:1998yg,
      author         = "Manke, T. and Drummond, I. T. and Horgan, R. R. and
                        Shanahan, H. P.",
      title          = "{Heavy hybrids from NRQCD}",
      collaboration  = "UKQCD",
      journal        = "Phys. Rev.",
      volume         = "D57",
      year           = "1998",
      pages          = "3829-3832",
      doi            = "10.1103/PhysRevD.57.3829",
      eprint         = "hep-lat/9710083",
      archivePrefix  = "arXiv",
      primaryClass   = "hep-lat",
      reportNumber   = "DAMTP-97-110",
      SLACcitation   = "%%CITATION = HEP-LAT/9710083;%%"
}





@article{Bernard:1997ib,
      author         = "Bernard, Claude W. and others",
      title          = "{Exotic mesons in quenched lattice QCD}",
      collaboration  = "MILC",
      journal        = "Phys. Rev.",
      volume         = "D56",
      year           = "1997",
      pages          = "7039-7051",
      doi            = "10.1103/PhysRevD.56.7039",
      eprint         = "hep-lat/9707008",
      archivePrefix  = "arXiv",
      primaryClass   = "hep-lat",
      reportNumber   = "FSU-SCRI-97-89",
      SLACcitation   = "%%CITATION = HEP-LAT/9707008;%%"
}



@article{Burch:2001tr,
      author         = "Burch, Tommy and Orginos, Kostas and Toussaint, Doug",
      title          = "{Measurement of hybrid content of heavy quarkonia using
                        lattice NRQCD}",
      journal        = "Phys. Rev.",
      volume         = "D64",
      year           = "2001",
      pages          = "074505",
      doi            = "10.1103/PhysRevD.64.074505",
      eprint         = "hep-lat/0103025",
      archivePrefix  = "arXiv",
      primaryClass   = "hep-lat",
      SLACcitation   = "%%CITATION = HEP-LAT/0103025;%%"
}


@article{Bernard:2003jd,
      author         = "Bernard, C. and Burch, T. and Gregory, E. B. and
                        Toussaint, D. and DeTar, Carleton E. and Osborn, J. and
                        Gottlieb, Steven A. and Heller, U. M. and Sugar, R.",
      title          = "{Lattice calculation of 1-+ hybrid mesons with improved
                        Kogut-Susskind fermions}",
      journal        = "Phys. Rev.",
      volume         = "D68",
      year           = "2003",
      pages          = "074505",
      doi            = "10.1103/PhysRevD.68.074505",
      eprint         = "hep-lat/0301024",
      archivePrefix  = "arXiv",
      primaryClass   = "hep-lat",
      SLACcitation   = "%%CITATION = HEP-LAT/0301024;%%"
}


@article{Lacock:1996vy,
      author         = "Lacock, P. and Michael, Christopher and Boyle, P. and
                        Rowland, P.",
      title          = "{Orbitally excited and hybrid mesons from the lattice}",
      collaboration  = "UKQCD",
      journal        = "Phys. Rev.",
      volume         = "D54",
      year           = "1996",
      pages          = "6997-7009",
      doi            = "10.1103/PhysRevD.54.6997",
      eprint         = "hep-lat/9605025",
      archivePrefix  = "arXiv",
      primaryClass   = "hep-lat",
      reportNumber   = "LTH-371, EDINBURGH-96-5",
      SLACcitation   = "%%CITATION = HEP-LAT/9605025;%%"
}


@inproceedings{Gupta:1997nd,
      author         = "Gupta, Rajan",
      title          = "{Introduction to lattice QCD: Course}",
      booktitle      = "{Probing the standard model of particle interactions.
                        Proceedings, Summer School in Theoretical Physics, NATO
                        Advanced Study Institute, 68th session, Les Houches,
                        France, July 28-September 5, 1997. Pt. 1, 2}",
      year           = "1997",
      pages          = "83-219",
      eprint         = "hep-lat/9807028",
      archivePrefix  = "arXiv",
      primaryClass   = "hep-lat",
      reportNumber   = "LA-UR-98-3271",
      SLACcitation   = "%%CITATION = HEP-LAT/9807028;%%"
}


